%%
%% WinShell 3.3.2.6
%% http://www.winshell.org/
%%

% Strings


% Preamble


% BibTeX Entries
@article{2009AGUFMOS21A1152W,
 author               = {Weinrebe, W. and Kuijpers, A. and Klaucke, I. and Fink, M.},
 journal              = {AGU Fall Meeting Abstracts},
 month                = {Dec},
 note                 = {Provided by the SAO/NASA Astrophysics Data System},
 pages                = {A1152},
 title                = {Multibeam Bathymetry Surveys in Fjords and Coastal Areas of West-Greenland},
 url                  = {http://adsabs.harvard.edu/abs/2009AGUFMOS21A1152W},
 year                 = {2009},
 }

@mastersthesis{aau,
 author               = {Rasmus L. Christensen and Frederik Juul and Nick {\O stergaard} and Tudor Muresan and Attila Fodor},
 school               = {Section for Control and Automation, Department of Electronic Systems, Aalborg University, Denmark},
 title                = {Centralized State Estimation of Distributed Maritime Autonomous Surface Oceanographers},
 type                 = {Semester project},
 year                 = {2013},
 }

@techreport{FNPP,
 author               = {Avichal Mehra and Zulema Garraffo and Hae-Cheol Kim and Ilya Rivin and Todd Spindler Hendrik Tolman and Ming Ji},
 institution          = {Naval Postgraduate School, MONTEREY, CALIFORNIA},
 month                = {Sep},
 title                = {PHYSICALLY BASED MODELING AND SIMULATION OF A SHIP IN OPEN WATER 3-D VIRTUAL ENVIRONMENT},
 year                 = {2003},
 }

@techreport{hydromechanics,
 author               = {{J.M.J.} Journée and Jakob Pinkster},
 institution          = {Delft University of Technology},
 month                = {Apr},
 title                = {INTRODUCTION IN SHIP HYDROMECHANICS},
 year                 = {2002},
 }

@techreport{navreq,
 author               = {Dr. Vajda Ferenc},
 institution          = {Digitális célrendszerek kutatócsoport, Budapesti Műszaki és Gazdaságtudományi Egyetem},
 month                = {Sep},
 title                = {Mobilis robotok navigációs kérdései},
 year                 = {2013},
 }

@techreport{usvmasterplan,
 institution          = {Department of the Navy, United States of America},
 month                = {Jul},
 title                = {The Navy Unmanned Surface Vehicle (USV) Master Plan},
 year                 = {2007},
 }

@book{oceanography,
 author               = {Robert H. Stewart},
 publisher            = {Department of Oceanography, Texas A \& M University},
 title                = {Introduction To Physical Oceanography},
 year                 = {2008},
 }

@book{future_propulsions,
 publisher            = {Royal Academy of Engineering, United Kingdom},
 title                = {Future Ship Powering Options: Exploring alternative methods of ship propulsion},
 year                 = {2013},
 }

@mastersthesis{shipsim,
 author               = {David Leonardo Lencastre Sicuro},
 school               = {Section for Control and Automation, Department of Electronic Systems, Aalborg University, Denmark},
 title                = {Centralized State Estimation of Distributed Maritime Autonomous Surface Oceanographers},
 type                 = {Semester project},
 year                 = {2013},
 }

@manual{stability,
 author               = {Patrick J. Bray},
 organization         = {Bray Yacht Design and Research LTD.},
 title                = {Stability – What is it and how does it work?},
 }

@article{talbot,
 author               = {Arthur Newell Talbot},
 journal              = {Engineering News Publishing Company},
 title                = {The Railway Transition Spiral},
 year                 = {1901},
 }

@article{trieste,
 author               = {Brand, V},
 journal              = {South Pacific Underwater Medicine Society Journal 7 (3)},
 note                 = {issn: 0813-1988},
 title                = {Submersibles - Manned and Unmanned},
 year                 = {1977},
 }

@manual{uav,
 author               = {The Charles Stark Draper Laboratory Cambridge, MA 02139},
 month                = {July},
 title                = {Operational Requirements Document for the Unmanned Aerial Vehicle Tactical Control System Version 5.0},
 year                 = {1997},
 }

@book{vitorlazas,
 author               = {Tóth Kálmán},
 publisher            = {Műszaki Könyvkiadó},
 title                = {Vitorlázás},
 year                 = {1970},
 }
